
@article{Anderson:ENTCS2005,
  author    = {Christopher Anderson and Paola Giannini},
  title     = {Type Checking for {JavaScript}},
  journal   = {Electronic Notes in Theoretical Computer Science},
  volume    = {138},
  number    = {2},
  pages     = {37--58},
  year      = {2005},
}

@inproceedings{Anderson:ECOOP2005,
  author    = {Anderson, Christopher and Drossopoulou, Sophia and 
		Giannini, Paola},
  title     = {Towards Type Inference for {JavaScript}},
  editor    = {A. P. Black},
  booktitle = {Proceedings of the 19th European Conference on 
		Object-Oriented Programming (ECOOP 2005)},
  series    = {Lecture Notes in Computer Science},
  volume    = {3586},
  pages     = {428--452},
  publisher = {Springer},
  year      = {2005},
}

@inproceedings{Bloom:OOPSLA2009,
  author    = {Bard Bloom and John Field and Nathaniel Nystrom
		and Johan {\"O}stlund and Gregor Richards and 
		Rok Strni{\u{s}}a and Jan Vitek and Tobias Wrigstad},
  title     = {Thorn: Robust, Concurrent, Extensible Scripting on the
		{JVM}},
  booktitle = {Proceedings of the 24th ACM Conference on Object Oriented
		Programming Systems, Languages, and Applications 
		(OOPSLA 2009)},
  pages     = {117--136},
  publisher = {ACM Press},
  year      = {2009},
}

@misc{Bono:arXiv2012,
  author    = {Viviana Bono and Marcin Benke and Aleksy Schubert},
  title     = {Lucretia: A Type System for Objects in Languages with
		Reflection},
  note      = {arXiv:1206.5112v1},
  year      = {2012},
}

@inproceedings{Guha:ESOP2011,
  author    = {Guha, Arjun and Saftoiu, Claudiu and
		Krishnamurthi, Shriram},
  title     = {Typing Local Control and State Using Flow Analysis},
  editor    = {Gilles Barthe},
  booktitle = {Programming Languages and Systems: 
		Proceedings of the 20th European Symposium on Programming},
  series    = {Lecture Notes in Computer Science},
  volume    = {6602},
  pages     = {256--275},
  publisher = {Springer},
  year      = {2011},
}

@inproceedings{Jensen:SAS2009,
  author    = {Simon Holm Jensen and Anders M{\o}ller and Peter Thiemann},
  title     = {Type Analysis for {JavaScript}},
  editor    = {Jens Palsberg and Zhendong Su},
  booktitle = {Static Analysis: 
		Proceedings of the 16th International Symposium},
  series    = {Lecture Notes in Computer Science},
  volume    = {5673},
  pages     = {238--255},
  publisher = {Springer},
  year      = {2009},
}

@phdthesis{Liang:phd1998,
  author    = {Sheng Liang},
  title     = {Modular Monadic Semantics and Compilation},
  school    = {Yale University},
  year      = {1998},
}

@inproceedings{Liang_Hudak:ESOP1996,
  author    = {Sheng Liang and Paul Hudak},
  title     = {Modular Denotational Semantics for Compiler Construction},
  editor    = {Hanne R. Nielson},
  booktitle = {Proceedings of the Sixth European Symposium on 
		Programming (ESOP'96)},
  series    = {Lecture Notes in Computer Science},
  volume    = {1058},
  pages     = {219--234},
  publisher = {Springer},
  year      = {1996},
}

@inproceedings{Wrigstad:POPL2010,
  author    = {Tobias Wrigstad and Francesco Zappa Nardelli and
		Sylvain Lebresne and Johan {\"O}stlund and Jan Vitek},
  title     = {Integrating Typed and Untyped Code in a Scripting Language},
  booktitle = {Proceedings of the 37th Annual ACM Symposium on Principles
		of Programming Languages (POPL 2010)},
  pages     = {377--388},
  publisher = {ACM Press},
  year      = {2010},
}

@MISC{Liang_modularmonadic,
  author    = {Sheng Liang and Paul Hudak},
  title     = {Modular Monadic Semantics},
  year      = {???},
}

@inproceedings{Guha:2011:TLC:1987211.1987225,
  author    = {Guha, Arjun and Saftoiu, Claudiu and 
		Krishnamurthi, Shriram},
  title     = {Typing local control and state using flow analysis},
  booktitle = {Proceedings of the 20th European Conference on 
		Programming Languages and Systems},
  series    = {ESOP'11/ETAPS'11},
  year      = {2011},
  isbn      = {978-3-642-19717-8},
  location  = {Saarbr\&\#252;cken, Germany},
  pages     = {256--275},
  url       = {http://dl.acm.org/citation.cfm?id=1987211.1987225},
  publisher = {Springer},
  address   = {Berlin, Heidelberg},
} 
